@incollection{aarseth2005hunt,
  title={From hunt the wumpus to everquest: introduction to quest theory},
  author={Aarseth, Espen},
  booktitle={Entertainment Computing-ICEC 2005},
  pages={496--506},
  year={2005},
  publisher={Springer}
}

@inproceedings{szymanezyk2011individual,
  title={From individual characters to large crowds: augmenting the believability of open-world games through exploring social emotion in pedestrian groups},
  author={Szymanezyk, Oliver and Dickinson, Patrick and Duckett, Tom},
  booktitle={Proceedings Think Design Play: DiGRA Conference},
  year={2011},
  publisher={ARA Digital Media Private Limited}
}

@book{bateman2007game,
  title={Game writing: Narrative skills for videogames},
  author={Bateman, Chris Mark and Adams, Ernest},
  year={2007},
  publisher={Charles River Media Boston, MA}
}

@book{garry2005archetypes,
  title={Archetypes and Motifs in Folklore and Literature},
  author={Garry, Jane and El-Shamy, Hasan},
  year={2005},
  publisher={ME sharpe}
}

@book{campbell2008hero,
  title={The hero with a thousand faces},
  author={Campbell, Joseph},
  volume={17},
  year={2008},
  publisher={New World Library}
}

@book{vogler2007writer,
  title={The Writer's journey},
  author={Vogler, Christopher},
  year={2007},
  publisher={Michael Wiese Productions}
}


@PhdThesis{knopf2013rationalist,
  title={The Rationalist's Spirituality: Campbell's Monomyth in Single-Player Role-Playing Videogames Skyrim \& Mass Effect},
  author={Knopf, Ehsan and others},
  year=2013,
  school={University of Sydney.}
}

@inproceedings{bartle2004massively,
  title={Massively multihero: Why people play virtual worlds},
  author={Bartle, Richard A.},
  booktitle={Proceedings of CGAIDE 2004, 5: th International Conference on Computer Games, Artificial Intelligence, Design and Education},
  year={2004},
  organization={Wolverhampton: The University of Wolverhampton, School of Computing and Information Technology}
}

@incollection{peinado2008revisiting,
  title={Revisiting character-based affective storytelling under a narrative BDI framework},
  author={Peinado, Federico and Cavazza, Marc and Pizzi, David},
  booktitle={Interactive Storytelling},
  pages={83--88},
  year={2008},
  publisher={Springer}
}

@inproceedings{sanchez2002exploring,
  title={Exploring the world of agent-based simulations: simple models, complex analyses: exploring the world of agent-based simulations: simple models, complex analyses},
  author={Sanchez, Susan M and Lucas, Thomas W},
  booktitle={Proceedings of the 34th conference on Winter simulation: exploring new frontiers},
  pages={116--126},
  year={2002},
  organization={Winter Simulation Conference}
}

@inproceedings{si2005thespian,
  title={Thespian: Using multi-agent fitting to craft interactive drama},
  author={Si, Mei and Marsella, Stacy C and Pynadath, David V},
  booktitle={Proceedings of the fourth international joint conference on Autonomous agents and multiagent systems},
  pages={21--28},
  year={2005},
  organization={ACM}
}

@article{theune2002virtual,
  title={The virtual storyteller},
  author={Theune, Mari{\"e}t and Faas, Sander and Nijholt, Anton and Heylen, Dirk},
  journal={ACM SigGroup Bulletin},
  volume={23},
  number={2},
  pages={20--21},
  year={2002},
  publisher={ACM}
}

@misc{anonymous2015,
  title     = {Details omitted for double-blind reviewing},
  author    = {Anonymous},
  year      = {2015}
}

@misc{anonymous2014,
  title     = {Details omitted for double-blind reviewing},
  author    = {Anonymous},
  year      = {2014}
}

@inproceedings{garciaortega2015how,
  author    = {Rub{\'{e}}n H{\'{e}}ctor Garc{\'{\i}}a{-}Ortega and
               Pablo Garc{\'{\i}}a{-}S{\'{a}}nchez and
               Juan Juli{\'{a}}n Merelo Guerv{\'{o}}s and
               Mar{\'{\i}}a Isabel Garc{\'{\i}}a Arenas and
               Pedro A. Castillo Valdivieso and
               Antonio Miguel Mora},
  title     = {How the World Was {MADE:} Parametrization of Evolved Agent-Based Models
               for Backstory Generation},
  booktitle = {Applications of Evolutionary Computation - 18th European Conference,
               EvoApplications 2015, Copenhagen, Denmark, April 8-10, 2015, Proceedings},
  pages     = {443--454},
  year      = {2015},
  editor    = {Antonio Miguel Mora and
               Giovanni Squillero},
  series    = {Lecture Notes in Computer Science},
  volume    = {9028},
  publisher = {Springer},
}

@inproceedings{garcia2014my,
  title={My life as a sim: evolving unique and engaging life stories using virtual worlds},
  author={Garcia-Ortega, Ruben H. and Garcia-Sanchez, Pablo and Mora, Antonio M. and Merelo, J.J.},
  booktitle={ALIFE 14: The Fourteenth Conference on the Synthesis and Simulation of Living Systems},
  volume={14},
  pages={3--5},
  year={2014}
}

@article{tremblay2012understanding,
  title={Understanding and Evaluating Behaviour Trees},
  author={Tremblay, Jonathan},
  journal={McGill University, Modelling, Simulation and Design Lab, Tech. Rep},
  year={2012}
}

@article{lim2009ai,
  title={An AI Player for DEFCON: an Evolutionary Approach Using Behaviour Trees},
  author={Lim, Chong-U},
  journal={Imperial College London},
  year={2009}
}

@article{cioffi2012evolutionary,
  title={Evolutionary computation and agent-based modeling: biologically-inspired approaches for understanding complex social systems},
  author={Cioffi-Revilla, Claudio and De Jong, Kenneth and Bassett, Jeffrey K},
  journal={Computational and Mathematical Organization Theory},
  volume={18},
  number={3},
  pages={356--373},
  year={2012},
  publisher={Springer}
}

@incollection{denti2001tuprolog,
  title={tuProlog: A light-weight Prolog for Internet applications and infrastructures},
  author={Denti, Enrico and Omicini, Andrea and Ricci, Alessandro},
  booktitle={Practical Aspects of Declarative Languages},
  pages={184--198},
  year={2001},
  publisher={Springer}
}

@inproceedings{aarseth2012narrative,
  title={A narrative theory of games},
  author={Aarseth, Espen},
  booktitle={Proceedings of the international conference on the foundations of digital Games},
  pages={129--133},
  year={2012},
  organization={ACM}
}

@inproceedings{aylett1999narrative,
  title={Narrative in virtual environments-towards emergent narrative},
  author={Aylett, Ruth},
  booktitle={Working notes of the Narrative Intelligence Symposium},
  year={1999}
}

@book{kim1976events,
  title={Events as property exemplifications},
  author={Kim, Jaegwon},
  year={1976},
  publisher={Springer}
}

@inbook{eiben2010whatis,
author = {Eiben, Agoston E. and Smith, James E.},
chapter = {What is an Evolutionary Algorithm?},
title = {Introduction to Evolutionary Computing},
publisher = {Springer},
year = {2003},
}

@book{darwin1859,
  address = {London},
  author = {Darwin, Charles},
  priority = {2},
  publisher = {Murray},
  timestamp = {2008-05-27T04:02:47.000+0200},
  title = {On the Origin of Species by Means of Natural Selection},
  year = 1859
}

@article{goldberg1988genetic,
  title={Genetic algorithms and machine learning},
  author={Goldberg, David E. and Holland, John H.},
  journal={Machine learning},
  volume={3},
  number={2},
  pages={95--99},
  year={1988},
  publisher={Springer}
}

@book{michalewicz1996genetic,
  title={Genetic algorithms+ data structures= evolution programs},
  author={Michalewicz, Zbigniew},
  year={1996},
  publisher={Springer}
}

@book{holland1975adaptation,
  title={Adaptation in natural and artificial systems: An introductory analysis with applications to biology, control, and artificial intelligence.},
  author={Holland, John H.},
  year={1975},
  publisher={U Michigan Press}
}

@incollection{Esparcia2009EVITA,
  author    = {Anna Esparcia-Alc{\'a}zar and
               Manuel Card{\'o}s and
               Juan Juli{\'a}n Merelo Guerv{\'o}s and
               Anais Mart{\'i}nez-Garc{\'i}a and
               Pablo Garc{\'i}a-S{\'a}nchez and
               Eva Alfaro-Cid and
               Ken Sharman},
  title     = {EVITA: An Integral Evolutionary Methodology for the Inventory
               and Transportation Problem},
  booktitle = {Bio-inspired Algorithms for the Vehicle Routing Problem},
  year      = {2009},
  pages     = {151-172},
  ee        = {http://dx.doi.org/10.1007/978-3-540-85152-3_7},
  publisher = {Springer},
  series    = {Studies in Computational Intelligence},
  volume    = {161},
}

@inproceedings{Fernandez20111optimizing,
  author    = {Antonio Fern{\'a}ndez-Ares and
               Antonio Miguel Mora and
               Juan Juli{\'a}n Merelo Guerv{\'o}s and
               Pablo Garc\'{\i}a-S{\'a}nchez and
               Carlos Fernandes},
  title     = {Optimizing player behavior in a real-time strategy game
               using evolutionary algorithms},
  booktitle = {Proceedings of the IEEE Congress on Evolutionary Computation,
               CEC 2011, New Orleans, LA, USA, 5-8 June, 2011},
  publisher = {IEEE},
  year      = {2011},
  pages     = {2017-2024},
  ee        = {http://dx.doi.org/10.1109/CEC.2011.5949863},

}

@inproceedings{Garcia2013RGB,
 author = {Pablo Garc{\'i}a-S{\'a}nchez and Juan Juli{\'a}n Merelo and Daniel Calandria and Ana Bel{\'e}n Pelegrina and Roberto Morcillo and Fruela Palacio and Rub{\'e}n H. Garc{\'i}a-Ortega},
 title = {Testing the Differences of Using RGB and HSV Histograms During Evolution in Evolutionary Art},
 booktitle = {Proceedings of the International Conference in Evolutionary Computation Theory and Applications 2013},
 series = {},
 year = {2013},
 isbn = {},
}

@ARTICLE{Takagi2001, 
author={Takagi, H.}, 
journal={Proceedings of the IEEE}, 
title={Interactive evolutionary computation: fusion of the capabilities of EC optimization and human evaluation}, 
year={2001}, 
volume={89}, 
number={9}, 
pages={1275-1296}, 
keywords={computer graphics;data mining;evolutionary computation;human factors;interactive systems;robots;user interfaces;animation;computational intelligence;computer graphics;data mining;graphic arts;human factors;interactive evolutionary computation;robotics;user interface;Application software;Art;Computer graphics;Computer industry;Electrical equipment industry;Evolutionary computation;Facial animation;Food industry;Humans;IEC}, 
doi={10.1109/5.949485}, 
ISSN={0018-9219}, 
month={Sep},}

@inproceedings{nairat2011character,
	title={Character evolution approach to generative storytelling},
	author={Nairat, Malik and Dahlstedt, Palle and Nordahl, Mats G},
	booktitle={Evolutionary Computation (CEC), 2011 IEEE Congress on},
	pages={1258--1263},
	year={2011},
	organization={IEEE}
}

@ARTICLE{Jin2005303,
author={Jin, Y. and Branke, J.},
title={Evolutionary optimization in uncertain environments - A survey},
journal={IEEE Transactions on Evolutionary Computation},
year={2005},
volume={9},
number={3},
pages={303-317},
note={cited By (since 1996)576},
document_type={Review},
source={Scopus},
}